@article{Aloni2024,
  author    = {Maria Aloni and Aleksi Anttila and Fan Yang},
  title     = {State-based Modal Logics for Free Choice},
  journal   = {arXiv},
  volume    = {2305.11777v3},
  year      = {2024},
  month     = {August},
  archivePrefix = {arXiv},
  primaryClass = {math.LO},
  url       = {http://arxiv.org/abs/2305.11777v3}
}

@article{Aloni2022,
  author    = {Maria Aloni},
  title     = {Logic and conversation: The case of free choice},
  journal   = {Semantics \& Pragmatics},
  volume    = {15},
  article   = {5},
  pages     = {1--60},
  year      = {2022},
  doi       = {10.3765/sp.15.5},
  url       = {https://doi.org/10.3765/sp.15.5}
}
